<record><leader>00000cas a22000007a 4500</leader><controlfield tag="001">22724844</controlfield><controlfield tag="008">901121d19571970mauwr ne      0    0eng d</controlfield><datafield ind1=" " ind2=" " tag="010"><subfield code="a">sn 89062546 </subfield></datafield><datafield ind1=" " ind2=" " tag="040"><subfield code="a">MGN</subfield><subfield code="b">eng</subfield><subfield code="c">MGN</subfield><subfield code="d">OCLCQ</subfield></datafield><datafield ind1=" " ind2=" " tag="042"><subfield code="a">msc</subfield></datafield><datafield ind1="0" ind2="0" tag="245"><subfield code="a">Southbridge shopping news.</subfield></datafield><datafield ind1=" " ind2=" " tag="260"><subfield code="a">Southbridge, Mass. :</subfield><subfield code="b">Southbridge Evening News</subfield></datafield><datafield ind1=" " ind2=" " tag="300"><subfield code="a">v.</subfield></datafield><datafield ind1=" " ind2=" " tag="310"><subfield code="a">Weekly</subfield></datafield><datafield ind1="0" ind2=" " tag="362"><subfield code="a">Vol. 1, no. 1 (Nov. 21, 1957)-</subfield></datafield><datafield ind1="1" ind2=" " tag="362"><subfield code="a">Ceased May 7, 1970.</subfield></datafield><datafield ind1=" " ind2=" " tag="580"><subfield code="a">Daily eds.: Southbridge evening news (Southbridge, Mass.), 1957-1970, and: Evening news (Southbridge, Mass.), 1970.</subfield></datafield><datafield ind1=" " ind2=" " tag="752"><subfield code="a">United States</subfield><subfield code="b">Massachusetts</subfield><subfield code="c">Worcester</subfield><subfield code="d">Southbridge.</subfield></datafield><datafield ind1="1" ind2=" " tag="775"><subfield code="t">Southbridge evening news (Southbridge, Mass.)</subfield><subfield code="w">(DLC)sn 89062538</subfield></datafield><datafield ind1="1" ind2=" " tag="775"><subfield code="t">Evening news (Southbridge, Mass.)</subfield><subfield code="w">(DLC)sn 89062539</subfield></datafield><datafield ind1="0" ind2="0" tag="785"><subfield code="t">Shopping news (Southbridge, Mass.)</subfield><subfield code="w">(DLC)sn 89062547</subfield></datafield></record>